@article{1,
	title={Tumor detection in radiographs. Computers and Biomedical Research},
	author={Ballard D., Sklansky J.},
	year={1973}
}

@article{2,
    title={Improvement of Scintigrams by Computer Processing},
    author={Stephen M. Pizer and Andrew E. Todd-Pokropek},
    year={1978}
}

@article{3,
    title={A Plan-Guided Analysis of Cineangiograms for Measurement of Dynamic Behavior of Heart Wall},
    author={Masahiko Yachida, Motozo Ikeda, and Saburo Tsuji},
    year={1980}
}

@article{4,
    title={Image feature analysis and computeraided diagnosis in digital radiography. I. Automated detection of microcalcifications in mammography},
    author={HeangPing Chan and Kunio Doi and Simranjit Galhotra and Carl J. Vyborny and Heber MacMahon and Peter M. Jokich},
    year={1987}
}

@article{5,
    title={Detection of Calcifications in Digital Mammograms using Wavelet Analysis and Contrast Enhancement},
    author={José Salvado, Bruno Roque},
    year={2005}
}

@article{6,
    title={A Short Introduction to Waveelets and Their Applications},
    author={Christian Gargour and Marcel Gabrea and Venkatanarayana Ramachandran and Jean-Marc Lina},
    year={2009}
}

@article{7,
	title={Notas de clases, Matem\'atica Num\'erica, Facultad de Matem\'atica y Computaci\'on de La Universidad de La Habana},
	author={Angela León Mec\'ias},
	year={2016}
}

@book{8,
    title={An Introduction to Wavelets Through Linear Algebra},
    author={Michael W. Frazier},
    pages={181},
    year={1999}
}

@book{9,
    title={An Introduction to Wavelets Through Linear Algebra},
    author={Michael W. Frazier},
    pages={209},
    year={1999}
}

@article{10,
    title={Fusing time, frequency and shape-related information: Introduction to the Discrete Shapelet Transform’s second generation (DST-II)},
    author={Rodrigo Capobianco Guido},
    year={2017}
}

@article{11,
    title={Introduction to the Discrete Shapelet Transform and a new paradigm: joint time-frequency-shape analysis},
    author={Rodrigo Capobianco Guido and Sylvio Barbon Junior and Lucimar Sasso Vieira and Fabr\'icio Lopes Sanchez and Carlos Dias Maciel and José Carlos Pereira and Paulo Rogério Scalassara and Everthon Silva Fonseca},
    year={2008}
}

@article{12,
    title={TWO-DIMENSIONAL BIORTHONORMAL WAVELETS ON ZN1 X ZN2},
    author={Zhi Shi, Hai-Yan Xing, Bao-Yu Peng},
    year={2009}
}

@misc{13,
    title={GEKKO Optimization Suite},
    author={Logan Beal, John Hedengren},
    howpublished="\url{https://gekko.readthedocs.io/en/latest/}"
}

@misc{14,
    title={Wavelets Documentation},
    howpublished="\url{https://pywavelets.readthedocs.io/en/latest/ref/wavelets.html}"
}

@misc{15,
    title={Pydicom},
    howpublished="\url{https://pydicom.github.io/}"
}

@misc{16,
    title={Cáncer},
    author={Organizaci\'on Mundial de la Salud (OMS)},
    howpublished="\url{https://www.who.int/es/news-room/fact-sheets/detail/cancer}"
}

@misc{17,
    title={Cáncer de mama},
    author={Organizaci\'on Panamericana de la Salud (OPS)},
    howpublished="\url{https://www.paho.org/es/temas/cancer-mama}"
}